<record><leader>00000cas a22000007a 4500</leader><controlfield tag="001">19131613</controlfield><controlfield tag="008">890209c19879999deuwr ne      0   a0eng d</controlfield><datafield ind1=" " ind2=" " tag="010"><subfield code="a">sn 89099202 </subfield></datafield><datafield ind1=" " ind2=" " tag="040"><subfield code="a">DEX</subfield><subfield code="b">eng</subfield><subfield code="c">DEX</subfield><subfield code="d">NSD</subfield><subfield code="d">OCLCQ</subfield></datafield><datafield ind1=" " ind2=" " tag="012"><subfield code="m">0</subfield></datafield><datafield ind1="1" ind2=" " tag="022"><subfield code="a">1078-2540</subfield><subfield code="l">1078-2540</subfield><subfield code="2">1</subfield></datafield><datafield ind1=" " ind2=" " tag="042"><subfield code="a">msc</subfield><subfield code="a">nsdp</subfield></datafield><datafield ind1=" " ind2="0" tag="222"><subfield code="a">Smyrna Clayton sun times</subfield></datafield><datafield ind1="0" ind2="0" tag="245"><subfield code="a">Smyrna Clayton sun times.</subfield></datafield><datafield ind1=" " ind2=" " tag="260"><subfield code="a">Smyrna, Del. :</subfield><subfield code="b">Smyrna/Clayton Sun-Times</subfield></datafield><datafield ind1=" " ind2=" " tag="300"><subfield code="a">v.</subfield></datafield><datafield ind1=" " ind2=" " tag="310"><subfield code="a">Weekly</subfield></datafield><datafield ind1="0" ind2=" " tag="362"><subfield code="a">Vol. 3, no. 20 (July 22, 1987)- = v. 134, no. 3-</subfield></datafield><datafield ind1=" " ind2=" " tag="588"><subfield code="a">Latest issue consulted: Vol. 140, no. 36 (May 11, 1994).</subfield></datafield><datafield ind1=" " ind2=" " tag="752"><subfield code="a">United States</subfield><subfield code="b">Delaware</subfield><subfield code="c">Kent</subfield><subfield code="d">Smyrna.</subfield></datafield><datafield ind1=" " ind2=" " tag="752"><subfield code="a">United States</subfield><subfield code="b">Delaware</subfield><subfield code="c">Kent</subfield><subfield code="d">Clayton.</subfield></datafield><datafield ind1="0" ind2="4" tag="780"><subfield code="t">Smyrna Clayton sun</subfield><subfield code="w">(DLC)sn 89099201</subfield></datafield><datafield ind1="0" ind2="4" tag="780"><subfield code="t">Smyrna times</subfield><subfield code="w">(DLC)sn 84020422</subfield></datafield></record>